% Uses a wardrobe of known clothes to suggest outfits based on your appearance. Categorized by dress code
@article{Dressup,
 author = {Yu, Lap-Fai and Yeung, Sai-Kit and Terzopoulos, Demetri and Chan, Tony F.},
 title = {DressUp!: Outfit Synthesis Through Automatic Optimization},
 journal = {ACM Trans. Graph.},
 issue_date = {November 2012},
 volume = {31},
 number = {6},
 month = nov,
 year = {2012},
 issn = {0730-0301},
 pages = {134:1--134:14},
 articleno = {134},
 numpages = {14},
 url = {http://doi.acm.org/10.1145/2366145.2366153},
 doi = {10.1145/2366145.2366153},
 acmid = {2366153},
 publisher = {ACM},
 address = {New York, NY, USA},
 keywords = {clothing combination, color matching, fashion, functionally realistic, optimization, perception, procedural modeling, variety, virtual world modeling},
}

% Outfit selection and sharing focused on comparing and lending wardrobe to others
@inproceedings{SmartCloset,
 author = {Rode, Jennifer A. and Magee, Rachel and Sebastian, Melinda and Black, Alan and Yudell, Rachel and Gibran, Aly and McDonald, Nora and Zimmerman, John},
 title = {Rethinking the Smart Closet As an Opportunity to Enhance the Social Currency of Clothing},
 booktitle = {Proceedings of the 2012 ACM Conference on Ubiquitous Computing},
 series = {UbiComp '12},
 year = {2012},
 isbn = {978-1-4503-1224-0},
 location = {Pittsburgh, Pennsylvania},
 pages = {183--192},
 numpages = {10},
 url = {http://doi.acm.org/10.1145/2370216.2370245},
 doi = {10.1145/2370216.2370245},
 acmid = {2370245},
 publisher = {ACM},
 address = {New York, NY, USA},
 keywords = {gender, material culture, privacy, qualitative, theory},
}

% Hardly relevant. Discusses the integration of wearables into fashion
@inproceedings{Rossi:2011:RWC:2030112.2030238,
 author = {Rossi, Mirco and Cinaz, Burcu and Tr\"{o}ster, Gerhard},
 title = {Ready-to-live: Wearable Computing Meets Fashion},
 booktitle = {Proceedings of the 13th International Conference on Ubiquitous Computing},
 series = {UbiComp '11},
 year = {2011},
 isbn = {978-1-4503-0630-0},
 location = {Beijing, China},
 pages = {609--610},
 numpages = {2},
 url = {http://doi.acm.org/10.1145/2030112.2030238},
 doi = {10.1145/2030112.2030238},
 acmid = {2030238},
 publisher = {ACM},
 address = {New York, NY, USA},
 keywords = {fashion show, sensors, smart textiles, wearable computers},
}

% Help visually impaired select an outfit. Focused on fashion rather than climate
@inproceedings{Rose:2006:CBD:1185448.1185582,
 author = {Rose, Joseph},
 title = {Closet Buddy: Dressing the Visually Impaired},
 booktitle = {Proceedings of the 44th Annual Southeast Regional Conference},
 series = {ACM-SE 44},
 year = {2006},
 isbn = {1-59593-315-8},
 location = {Melbourne, Florida},
 pages = {611--615},
 numpages = {5},
 url = {http://doi.acm.org/10.1145/1185448.1185582},
 doi = {10.1145/1185448.1185582},
 acmid = {1185582},
 publisher = {ACM},
 address = {New York, NY, USA},
 keywords = {PHP, RFID, RFID tag, SQL, database, embedded systems, expert systems, fashion, sound-based interface, visually impaired, web server},
}

% Occasion-oriented dresser. Uses Amazon mechanical turk to produce dataset, focused on available-to-purchase online items
% Relevant in that it finds and defines features/attributes for machine learning
% Irrelevant in that it is focused on looks not climate
@inproceedings{MagicCloset,
 author = {Liu, Si and Feng, Jiashi and Song, Zheng and Zhang, Tianzhu and Lu, Hanqing and Xu, Changsheng and Yan, Shuicheng},
 title = {Hi, Magic Closet, Tell Me What to Wear!},
 booktitle = {Proceedings of the 20th ACM International Conference on Multimedia},
 series = {MM '12},
 year = {2012},
 isbn = {978-1-4503-1089-5},
 location = {Nara, Japan},
 pages = {619--628},
 numpages = {10},
 url = {http://doi.acm.org/10.1145/2393347.2393433},
 doi = {10.1145/2393347.2393433},
 acmid = {2393433},
 publisher = {ACM},
 address = {New York, NY, USA},
 keywords = {clothing pairing, clothing recommendation, latent svm},
}

% Discusses home temperature control, which could give me ideas for my project
@inproceedings{ThermalComfort,
 author = {Clear, Adrian K. and Morley, Janine and Hazas, Mike and Friday, Adrian and Bates, Oliver},
 title = {Understanding Adaptive Thermal Comfort: New Directions for UbiComp},
 booktitle = {Proceedings of the 2013 ACM International Joint Conference on Pervasive and Ubiquitous Computing},
 series = {UbiComp '13},
 year = {2013},
 isbn = {978-1-4503-1770-2},
 location = {Zurich, Switzerland},
 pages = {113--122},
 numpages = {10},
 url = {http://doi.acm.org/10.1145/2493432.2493451},
 doi = {10.1145/2493432.2493451},
 acmid = {2493451},
 publisher = {ACM},
 address = {New York, NY, USA},
 keywords = {cooling, heating, sustainability, thermal comfort},
}

% Epic mix homepage
@URL {EpicMix:Site,
    title    = {EpicMix Ski Application| EpicMix Photos | EpicMix.com},
    author   = "Vail Resorts",
    year     = "2015",
    month    = "feb",
    url = "http://www.epicmix.com/"
}

% EpicMix play store page. Note: 100k-500k downloads
@URL {EpicMix:PlayStore,
    title    = {EpicMix - Android Apps on Google Play},
    author   = "Vail Resorts",
    year     = "2015",
    month    = "feb",
    url = "https://play.google.com/store/apps/details?id=com.vailresorts.epicmix"
}

% Skier stats, YoY
@URL {NSAA:SkiStats,
    author   = "NSAA (National Ski Areas Association)",
    year     = "2014",
    url = "http://www.nsaa.org/media/209103/National_Skier_Snowboarder_Visits_1979_2014.pdf"
}

% For reference in choosing an ML technique
@inproceedings{ML:MapReduceClusters,
 author = {Ganjisaffar, Yasser and Debeauvais, Thomas and Javanmardi, Sara and Caruana, Rich and Lopes, Cristina Videira},
 title = {Distributed Tuning of Machine Learning Algorithms Using MapReduce Clusters},
 booktitle = {Proceedings of the Third Workshop on Large Scale Data Mining: Theory and Applications},
 series = {LDMTA '11},
 year = {2011},
 isbn = {978-1-4503-0844-1},
 location = {San Diego, California},
 pages = {2:1--2:8},
 articleno = {2},
 numpages = {8},
 url = {http://doi.acm.org/10.1145/2002945.2002947},
 doi = {10.1145/2002945.2002947},
 acmid = {2002947},
 publisher = {ACM},
 address = {New York, NY, USA},
 keywords = {MapReduce, hyper-parameter, machine learning, optimization, tuning},
}

% For reference in choosing an ML techinque
@article{ML:ManufacturingSystems,
 author = {Priore, Paolo and de la Fuente, David and Puente, Javier and Parre\~{n}o, Jos{\'e}},
 title = {A Comparison of Machine-learning Algorithms for Dynamic Scheduling of Flexible Manufacturing Systems},
 journal = {Eng. Appl. Artif. Intell.},
 issue_date = {April, 2006},
 volume = {19},
 number = {3},
 month = apr,
 year = {2006},
 issn = {0952-1976},
 pages = {247--255},
 numpages = {9},
 url = {http://dx.doi.org/10.1016/j.engappai.2005.09.009},
 doi = {10.1016/j.engappai.2005.09.009},
 acmid = {1707225},
 publisher = {Pergamon Press, Inc.},
 address = {Tarrytown, NY, USA},
 keywords = {FMS, Knowledge-based systems, Scheduling},
}

% For reference in choosing an ML technique
@article{ML:IPTraffic,
 author = {Williams, Nigel and Zander, Sebastian and Armitage, Grenville},
 title = {A Preliminary Performance Comparison of Five Machine Learning Algorithms for Practical IP Traffic Flow Classification},
 journal = {SIGCOMM Comput. Commun. Rev.},
 issue_date = {October 2006},
 volume = {36},
 number = {5},
 month = oct,
 year = {2006},
 issn = {0146-4833},
 pages = {5--16},
 numpages = {12},
 url = {http://doi.acm.org/10.1145/1163593.1163596},
 doi = {10.1145/1163593.1163596},
 acmid = {1163596},
 publisher = {ACM},
 address = {New York, NY, USA},
 keywords = {machine learning, traffic classification},
}

% For reference in choosing an ML technique
@article{ML:GeoMapping,
 author = {Cracknell, Matthew J. and Reading, Anya M.},
 title = {Geological Mapping Using Remote Sensing Data: A Comparison of Five Machine Learning Algorithms, Their Response to Variations in the Spatial Distribution of Training Data and the Use of Explicit Spatial Information},
 journal = {Comput. Geosci.},
 issue_date = {February, 2014},
 volume = {63},
 month = feb,
 year = {2014},
 issn = {0098-3004},
 pages = {22--33},
 numpages = {12},
 url = {http://dx.doi.org/10.1016/j.cageo.2013.10.008},
 doi = {10.1016/j.cageo.2013.10.008},
 acmid = {2566365},
 publisher = {Pergamon Press, Inc.},
 address = {Tarrytown, NY, USA},
 keywords = {Geological mapping, Machine learning, Remote sensing, Spatial clustering, Spatial information, Supervised classification},
}

% node-svm package
@URL{Github:nodesvm,
    author   = {Nicolas Panel},
    title    = {node-svm},
    year     = "2015",
    url = {https://github.com/nicolaspanel/node-svm}
}

@URL{API:OpenWeatherMap,
    author  = {OWM Inc.},
    title   = {Open Weather Map},
    year    = {2015},
    url     = {http://openweathermap.org/api}
}

@article{SVM,
year={1995},
issn={0885-6125},
journal={Machine Learning},
volume={20},
number={3},
doi={10.1007/BF00994018},
title={Support-vector networks},
url={http://dx.doi.org/10.1007/BF00994018},
publisher={Kluwer Academic Publishers},
keywords={pattern recognition; efficient learning algorithms; neural networks; radial basis function classifiers; polynomial classifiers},
author={Cortes, Corinna and Vapnik, Vladimir},
pages={273-297},
language={English}
}

@article{KNN,
author = { N. S.   Altman },
title = {An Introduction to Kernel and Nearest-Neighbor Nonparametric Regression},
journal = {The American Statistician},
volume = {46},
number = {3},
pages = {175-185},
year = {1992},
doi = {10.1080/00031305.1992.10475879},

URL = {
        http://www.tandfonline.com/doi/abs/10.1080/00031305.1992.10475879

},
eprint = {
        http://www.tandfonline.com/doi/pdf/10.1080/00031305.1992.10475879

}

}

@techreport{DecisionTree,
 author = {Quinlan, J. R.},
 title = {Simplifying Decision Trees},
 year = {1986},
 source = {http://www.ncstrl.org:8900/ncstrl/servlet/search?formname=detail\&id=oai%3Ancstrlh%3Amitai%3AMIT-AILab%2F%2FAIM-930},
 publisher = {Massachusetts Institute of Technology},
 address = {Cambridge, MA, USA},
}

@inbook {BayesianNetwork,
title = {Bayesian Networks},
author = {Ben-Gal, Irad},
author = {},
publisher = {John Wiley \& Sons, Ltd},
isbn = {9780470061572},
url = {http://dx.doi.org/10.1002/9780470061572.eqr089},
doi = {10.1002/9780470061572.eqr089},
keywords = {probabilistic graphical models, Markov models, context, causality, reasoning},
booktitle = {Encyclopedia of Statistics in Quality and Reliability},
year = {2008},
}

@ARTICLE{ANN,
author={Hopfield, J.J.},
journal={Circuits and Devices Magazine, IEEE},
title={Artificial neural networks},
year={1988},
month={Sept},
volume={4},
number={5},
pages={3-10},
keywords={artificial intelligence;neural nets;artificial neural networks;electronic circuits;electronic devices;programming;Artificial neural networks;Biological neural networks;Biology computing;Chemical technology;Chemistry;Circuits;Clocks;Computer architecture;Face recognition;Silicon},
doi={10.1109/101.8118},
ISSN={8755-3996}
}

% LIBSVM homepage
@article{lib:libsvm,
  author = {Chang, Chih-Chung and Lin, Chih-Jen},
  title = {{LIBSVM}: A library for support vector machines},
  journal = {ACM Transactions on Intelligent Systems and Technology},
  volume = {2},
  issue = {3},
  year = {2011},
  pages = {27:1--27:27},
  note =	 {Software available at \url{http://www.csie.ntu.edu.tw/~cjlin/libsvm}}
 }

 @URL{repo,
     title = "Github | cs5860-gear\_smarts",
     author = "Ross Nordstrom",
     year = "2015",
     howpublished = {\url{https://github.com/ross-nordstrom/cs5860-gear_smarts}},
     note = {Accessed/Created: 2015-02-08}
 }

 @url{wunderground,
    title = "Weather Forecast and Reports",
    author = "Weather Underground, Inc",
    year = "2015",
    howpublished = {\url{http://www.wunderground.com/weather/api/}},
    note = {Accessed: 2015-04-21}
}