@periodical{JML:J832,
 title = {The Journal of Machine Learning Research},
 abbr = {J. Mach. Learn. Res.},
 issn = {1532-4435},
 publisher = {JMLR.org},
key = {{$\!\!$}} ,
}

